599 1017
235 267 123 35 PRÓLOGO

91 386 435 28 Compónese este libro de clementos diversos,

66 410 460 32 unificados por la nota común de referirse á au¬

66 438 460 35 tores, libros, monumentos y paisajes de mi tierras:

66 468 463 32 en las páginas que hoy salen á luz resuena el

66 494 461 29 acento apasionado y asoma el tierno interés que

66 522 460 33 inspiran las cosas familiares, no el riguroso aná¬

66 552 463 32 lsis critico. Que me arroje la primera piedra el

66 577 461 32 escritor ajeno á flaguezas tan disculpables, exen¬

66 609 462 29 to de piedad y amor por el pedazo de España

66 634 186 35 donde haya nacido.

90 663 439 33 Parte del texto que ofrezco al público tiene su

65 691 462 31 historia, y la referiré en breves palabras. Al mo¬

65 721 463 29 rir el insigne poeta regional que se llamó Rosa¬

66 749 464 29 lía Castro, la Sociedad Liceo de Artesanos de la

67 776 461 31 Coruña, con la oportunidad y el instinto civiliza¬

66 805 462 33 dor que tanto la enaltecen, dispuso consagrarle

66 834 462 30 una velada, y no de esas que se encuentran por

67 861 462 44 ahí á la vuelta de cada Círculo, sine llamando
