599 1017
240 52 128 34 DE MI TIERRA

501 60 19 23 5

72 105 459 35 siglo? Tampoco, pues lo que afirmo de la poe¬

70 133 461 33 sía se extiende á los restantes géneros literarios:

71 161 461 31 en las naciones latinas, descontada quizás la

69 189 462 32 francesa, ninguno cubre de oro á quien lo cul¬

70 216 461 37 tiva. ¿Qué español nada en la opulencia por

69 245 462 36 haber publicado buenos libros? En nuestra pa¬

69 276 463 34 tria se lee poco, y eso poco, de prestado. Sería

68 303 463 33 ocioso pretender que estas provincias, agobiadas

69 333 462 29 de impuestos, de donde emigran sus hijos por

68 360 463 30 no fallecer de hambre, ofreciesen buen mercado

67 388 464 31 literario, si no lo ofrecen otras mejor nutridas

69 415 461 36 y más desahogadas. ¿Es ingratitud en los galle¬

68 446 463 34 gos no agotar numerosas ediciones de los poetas

68 473 463 34 regionales? Mal pueden dedicar á volúmenes de

70 503 461 33 poesías lo que han menester para el fisco y el

66 529 465 33 pote: pero los libreros de América atestiguarían

68 555 463 39 que el gallego adquiere los libros procedentes

67 586 463 34 de su amada tierra..... cuando tiene con qué pa¬

67 616 70 35 garlos.

91 638 440 40 Pienso ahora si, al hablar de la ingratitud de

67 670 463 35 Galicia, no se aludirá al público que compra,

66 701 463 33 sino á las Corporaciones representantes del pue¬

67 729 463 34 blo gallego. De ser así, continuemos comparan¬

66 755 464 34 do ¿Qué hicieron los Cuerpos Colegisladores

67 786 462 33 de España al tratarse de otorgar mezquina pen¬

65 811 465 37 sión al cisne nacional, al que hoy queda en pie

65 839 466 36 de toda la pléyade romántica; al cantor de las

66 869 463 36 tradiciones hispanas, á Zorrilla en fin, que por

65 899 465 38 sus años y merecimientos tiene un pie en la
