599 1017
74 61 37 25 VIII

246 59 92 26 PRÓLOGO

61 107 463 33 nada menos que á Castelar, para que con los es¬

61 136 465 35 maltes y bordados riguísimos de su arrebatadora

59 163 466 35 palabra ciñese la corona de laurel al busto de la

61 192 463 31 Musa. Castelar, que profesa íntimo afecto á Ga¬

61 220 465 35 licia, acudió al llamamiento y cumplió como èl

61 250 464 31 sabe y puede; á mí me cupo la honra de presidir

60 277 464 34 el acto y abrirlo con un discurso, mi primer lec¬

60 305 465 35 tura pública. Manifestó la Sociedad su propósito

61 335 465 34 de imprimirlo, juntamente con la oración del

60 361 465 38 gran tribuno, otra del Sr. Carracido, y las poe¬

61 391 465 31 sías premiadas en el Certamen; dió les pasos

61 424 465 29 conducentes al efecto; mas tuvo la mala suerte de

62 453 464 29 que el impresor elegido en Madrid extraviase

61 477 462 35 bastantes cuartillas del original de Castelar, y

61 503 465 36 después quebrase, sin siguiera haber principiado

61 532 465 33 la edición. Resultando de todo ello largas dila¬

61 561 463 38 ciones y pegueñas pero reiteradas dificultades,

61 590 465 35 me determiné à recoger mi discurso para editar¬

62 621 462 31 lo yo misma, sin otro fin que el de ganar tiempo,

61 646 465 36 satisfacer la benévola curiosidad de mis amigos

61 675 465 36 y euitar que la publicación pareciese excesiva¬

62 706 466 32 mente trasnochada. Rota la unidad moral del

63 732 463 33 libro de la velada por la falta del texto de

64 761 462 34 Castelar, comprendí que ya estaba fuera de sa¬

62 791 465 33 zón el imprimir colectivamente; sin que de estas

61 818 466 34 circunstancas fortuitas resulte nada que pueda

61 845 466 36 amenguar el mérito contraido por la Socicdad de

62 875 464 36 Artesanos, cuyo decoro quiero dejar en su punto,

62 905 464 41 ya que en cierta manera es el mió propio, pues he
