599 1017
111 328 382 36 LA POESÍA REGIONAL GALLEGA

125 474 177 32 SEÑORAS Y SEÑORES:

165 551 363 37 IENE por objeto esta solemne velada,

165 586 362 30 que me honro en presidir, hacer con¬

165 615 360 32 memoración de una mujer á quien no

66 641 463 34 es lícito llamar poetisa, sino poeta verdadero:

65 670 465 29 Rosalía Castro, con cuyo fallecimiento acaban

65 697 465 34 de sufrir dolorosa, irreparable pérdida las letras

65 728 464 31 regionales. Suele decirse que la hora de la muer¬

65 757 465 32 te es la de la justicia: no puede aplicarse al caso

67 784 463 32 presente el axioma, puesto que en vida de Ro¬

66 811 464 30 salía nadie desconoció sus méritos: pero cuando

65 837 465 35 no la de la justicia, suena al morir la hora del

65 868 464 43 recuerdo cariñoso y melancólico, la del encare¬
