599 1017
93 61 20 22 4

247 57 128 23 DE MI TIERRA

79 102 459 36 cimiento entusiasta, y tambien la del juicio se¬

79 131 459 40 reno, que es ya, en cierto modo, voz de la pos¬

80 161 78 33 teridad.

103 188 436 36 ¡Cuàn à menudo leemos ó escuchamos que

80 218 459 33 Galicia es ingrata y desamorada con sus poetas;

78 245 461 35 que los corona de espino y zarza mientras vi¬

79 274 461 31 ven, otorgándoles á lo sumo un tardío aplauso

78 302 462 35 al verlos bajar al sepulcro! Y dejamos correr la

78 332 461 32 especie, sin meditar que aserciones infundadas,

78 358 461 36 rodando mucho, se convierten en lugares co¬

78 388 461 33 munes admitidos, y al cabo se imponen como

77 415 462 33 evidentes verdades. Ya que se me ofrece favo¬

78 443 461 30 rable ocasión de volver por la honra de mi tie¬

78 472 463 33 rra, acusada del más feo delito, voy á defenderla

77 502 462 32 ante todo, para que su conciencia se tranquilice,

77 530 463 29 si en ella se agita el remordimiento que devora

76 555 463 37 á quien paga mal un beneficio y da á cambio de

77 584 193 34 mieles hiel amarga.

100 611 440 38 ¿Qué se entiende por ingratitud de un país

76 644 463 28 con sus poetas? ¿Que en ese país no sea lucrativo

77 671 463 34 el ejercicio de la poesía? Verdad que en Galicia

77 700 462 33 no lo es; pero otro tanto sucede en las demás

77 728 462 34 provincias de España, y añado que en el mundo

76 755 463 35 entero, hecha excepción de dos ó tres pueblos

76 785 462 34 muy ricos y prósperos, como Francia, Inglate¬

75 812 464 35 rra y los Estados-Unidos: todavía en éstos se

76 839 463 36 llega más seguramente á la fortuna vendiendo

75 867 463 36 sedas ó comestibles, que versos á los editores.

76 899 462 43 ¿Será que la prosa invade y esclaviza á nuestro
