1870 3216
651 184 290 92 LUCHANA

1384 195 51 73 9

144 284 1358 96 »Crei encontrar alarma en la morada Real,

83 353 1427 102 pero me equivoqué... ¡en tantas cosas nos

77 431 1433 83 equivocamos! Sabian todo lo ocurrido en el

75 506 1430 86 cuartel del Pajarón y en la lista; tenían no¬

83 570 1422 94 ticia de la descompuesta actitud de los sar¬

83 648 1430 94 gentos en el Cafe del Teatro, donde suelen

80 723 1427 99 reunirse; de la llegada de paisanos de Ma¬

77 795 1436 97 drid, siniestros pajarracos que anuncian las

80 868 1422 104 tempestades políticas, mas no por eso ha¬

83 940 1427 86 bían perdido la tranquilidad y confianza.

83 1015 1430 99 No debo ocultarte que yo había recibido de

80 1085 1430 102 da Villa y Corte informes preciosos de lo que

85 1173 1428 94 piensan y dicen ciertas personas de las que

77 1243 1433 91 influyen en la cosa pública, lo mismo cuan¬

77 1310 1438 102 do están en candelero que cuando están

80 1382 1435 92 caídas. Alguien se enteró de que yo tenía

83 1460 1424 99 tales referencias y quiso oirlas de mis pro¬

88 1530 1425 104 pios labios. De lo que yo sabía, comuniqué

85 1616 1430 80 lo que estimaba prudente y oportuno en las

83 1677 1430 94 circunstancias actuales, lo que á mi pare¬

80 1755 1438 94 cer podría ser de utilidad y enseñanza para

85 1827 1433 91 la persona que me interrogaba; lo demás me

83 1902 1438 94 lo callé. ¿No te parece que hice bien? Ya veo

80 1972 1443 110 que afirmas. Me gusta que opines en todo

85 2050 317 94 como yo.

166 2117 1355 94 »Pues verás: pasé un rato muy agradable

83 2200 1435 94 con las niñas cuando las acostaban. La Rei¬

83 2267 1432 99 nita Isabel discurre como una mujercita;

85 2342 1436 102 Luisa Fernanda le gana en formalidad. Es

88 2417 1430 102 grave la pequeñuela, y en su corta edad pa¬

88 2487 1435 101 rece sentir y comprender ya que tanto ella

85 2559 1428 102 como su hermanita son personajes históri¬

83 2631 1438 110 cos, y que están Ilamadas á desempeñar

93 2712 1430 123 primeros papeles en la escena del mundo.
