1870 3216
600 201 285 96 LUCHANA

1341 220 40 66 7

34 297 1420 94 ral había prohibido, bajo graves penas, can¬

37 369 1422 97 tar canciones patrióticas, y mandado que

37 447 1422 102 das bandas y músicas no tocasen otras mar¬

37 514 1422 97 chas que las de ordenanza. A este Pepe Ur¬

40 589 1424 99 bistondo no le conoces: ha venido no hace

40 664 1424 105 un mes del ejército de Aragón; es valiente

45 742 1419 102 y audaz en la guerra; en los saraos de Ma¬

40 812 1427 93 drid el primero y más arrojado bailarín de

42 884 1425 104 gavotas y mazurcas; buen chico, sólo que

42 964 1428 86 tartamudea un poco, y empalaga un mucho

42 1034 1425 91 con sus alardes de finura, á veces sin venir

42 1112 1430 94 á cuento. Hoy le tienes aquí de ayudante de

42 1179 1425 94 San Román, y es el que anima con sus do¬

42 1251 1436 97 naires los corros que diariamente, mañana

48 1329 1427 102 y tarde, se forman en las Tres Gracias o en

48 1401 1430 94 Andrómeda... Pues sigo diciéndote que la

45 1479 1427 88 moticia comunicada por Pepito del mal hu¬

48 1554 1430 86 mor de los señores cabos y sargentos, no

48 1629 1430 91 nos causó grande inquietud. Pero luego nos

50 1693 1422 99 encontramos al canónigo de la Colegiata,

53 1768 1427 91 D. Blas de Torres, que nos puso en cuidado

50 1843 1428 91 refiriéndonos lo que había ocurrido momen¬

56 1916 1424 99 tos antes, en el acto de la lista. Después de

59 1993 1427 89 la música, y cuando ya la tropa formaba

59 2068 1421 100 para volver al cuartel, el tambor mayor

56 2146 1427 81 Iandó á la banda tocar la marcha granadera.

61 2211 1419 101 Obedecieron los tambores; pero no los pífa¬

56 2283 1422 104 mos, que salieron por el himno de Riego,

56 2355 1422 105 resultando un guirigay de mil demonios,

59 2438 1430 91 efecto de la discordancia entre músicas tan

59 2505 1430 89 diferentes. El Comandante, volado, mandó

61 2575 1430 91 callar la banda, y la tropa se dirigió al

61 2653 1436 102 cuartel al son de sus propias pisadas. La

72 2730 1419 134 Vimos pasar. Era una escena triste, lugubre.
