1904 3216
415 554 842 169 LUCHANA

825 938 43 160 I

203 1211 1357 91 «En mi carta de ayer – decía la señora in¬

117 1283 1446 97 cógnita con fecha 14 de Agosto,– referí

123 1358 1440 102 que nuestro buen Hillo me mandó recado al

123 1436 1435 91 mediodía, recomendándome que no saliese

128 1508 1430 100 á paseo por el pueblo, ni aun por los jardines,

128 1586 1424 97 porque corrían voces de que los soldados y

123 1653 1443 94 clases del Cuarto de la Guardia, los de la

126 1728 1434 94 Real Provincial y los granaderos de á caba¬

123 1798 1440 99 llo, andaban soliviantados, y se temía que

128 1876 1438 99 mos dieran un día de jarana, cuando no de

126 1953 1437 94 luto y desórdenes sangrientos. Naturalmen-

131 2028 1437 89 te, hice todo lo contrario de lo que nuestro

123 2098 1437 91 sabio Mentor con notoria prudencia me acon¬

126 2165 1445 99 sejaba: salí de paseo con dos amigos, señora

128 2240 1438 102 y caballero, prolongándose la caminata más

126 2320 1440 89 que de costumbre, y no exagero si te digo

131 2387 1443 100 que anduvimos cerca de un cuarto de legua

134 2465 1434 99 por el camino de Balsaín; luego atravesa¬

131 2537 1445 102 mos todo el pueblo, llegando hasta más allá

120 2604 1456 105 del Pajarón, y nos volvimos á casita con un

112 2690 1464 115 si es no es de desconsuelo, pues no vimos
