1914 3216
447 187 43 102 8

801 182 547 91 B. PÉREZ GALDÓS

369 265 1435 107 No sé por qué me impresionó aquel marchar

372 337 1437 102 de los soldados sin ningún son de música ó

372 418 1432 99 ruido militar. Me fijé en las caras de mu¬

372 490 1442 102 chos, y no eran, no, las habituales caras de

369 565 1440 94 soldados españoles, siempre alegres. Cuando

369 635 1432 110 entrábamos en casa de mis amigos, volvi¬

372 707 1437 105 Ios á encontrar á Urbistondo, y nos dijo

372 785 1437 96 que, al llegar al cuartel, el Comandante ha¬

372 857 1437 102 bía mandado arrestar á toda la banda; que

372 929 1432 97 al tambor mayor, á quien se atribuia con¬

372 1002 1440 104 nivencia con los desentonados pifanos, le

372 1080 1437 91 habían metido en un calabozo. La oficiali¬

372 1152 1437 96 dad recibió orden de permanecer en el cuar¬

372 1224 1440 102 tel toda la noche, y se prohibió que salieran

375 1310 1437 86 los sargentos. Cuando nos daba Perito estos

375 1374 1437 100 informes, ya casi anochecía; los paseantes de

375 1452 1429 102 dos jardines volvían presurosos á sus casas;

372 1524 1442 105 notábase en algunos aprensión, récelo; de la

372 1594 1440 91 sierra bajaba un airecillo sutil, que nos ha¬

372 1664 1442 102 cía echar de menos los abrigos. Yo mandé á

375 1755 1434 91 casa por el mio: la persona que me lo trajo,

377 1819 1432 91 traía también un billete en que se me ins¬

377 1889 1440 91 Iaba, mejor dicho, en que se me hacia el

375 1961 1434 105 honor de llamarme á Palacio... Yo tiritaba;

377 2039 1437 102 me había enfriado un poco al volver de pa¬

377 2111 1440 89 seo: creo que contribuyó á ello el ver aque¬

377 2184 1443 99 Ilos soldados tan tristes, marchando sin tam¬

380 2264 1437 94 bores ni cornetas... Aplacé la visita á Pala¬

377 2334 1445 107 cio para después de comer; pero luego vino

380 2406 1437 107 un recadito más apremiante, verbal, y to¬

383 2479 1442 93 mando el brazo del digno caballero que lo

377 2554 1445 99 había lIevado, me fui allá. Quién me Ilamó

380 2626 1432 110 de Palacio, no puedo decirtelo, niño, ni hay

383 2706 322 113 para qué.
