1904 3201
405 181 22 72 6

761 160 547 88 B. PÉREZ GALDÓS

315 248 1439 109 turbas sediciosas, ni soldadesca desenfrena¬

315 330 1434 99 da, ni cosa alguna fuera de lo vulgar y co¬

312 402 1450 99 rriente. El drama callejero, género histórico

315 474 1439 96 en España, que deseábamos ver no sin so¬

320 557 1437 93 bresalto en nuestra viva curiosidad, perma¬

315 624 1439 98 necía entre bastidores, en ensayo tal vez.

315 698 1442 94 Sus autores, temerosos de una silba, no se

317 773 1095 101 atrevian á mandar alzar el telón.

392 840 1365 109 »Por mi parte, te aseguro que no sentía mie¬

317 922 1442 91 do; mis acompañantes sí: solo con la idea de

320 992 1442 101 que la revolución anunciada no pasase de

320 1067 1437 90 comedia, se atrevían á presenciarla. Y come¬

317 1136 1437 99 dia tenia que ser en la presunción de todos,

323 1219 1434 98 pues de los jefes, del Comandante general

320 1288 1442 91 del Real Sitio, Conde de San Román, nada

323 1363 1442 96 debía temerse, conocida de todo el mundo

320 1437 1445 96 su adhesion á la Reina y á Istúriz; de los

320 1507 1442 109 jefes tampoco, que eran lo mejor de cada casa.

317 1581 1445 104 Las clases y tropa no son capaces de escribir

328 1653 1431 107 por sí solas una página de la Historia de Es¬

328 1728 1431 104 paña, y el día en que la escribieran, ¡ay! ve¬

323 1808 1431 99 tríamos, á más de la mala gramática de hoy,

328 1880 849 96 una ortografía detestable.

400 1944 1359 104 »AI pasar por el teatro, nos hizo reir el tí¬

325 2021 1440 102 tulo de la comedia anunciada: A las diez de

325 2096 1437 99 la noche, ó los síntomas de una conjuración.

323 2179 1439 96 En las puertas del Café del teatro vimos pai¬

325 2248 1432 96 sanos y sargentos en grupos muy animados,

331 2320 1428 104 y por las palabras sueltas que al paso hi¬

325 2390 1437 106 rieron nuestros oídos, comprendimos que ha¬

325 2464 1442 99 blaban de política. Luego nos dijo Pepito

328 2542 1439 93 Urbistondo, á quien encontramos junto á la

323 2614 1436 96 Comandancia, que las clases de toda la guar¬

320 2691 1437 117 nición estaban incomodadas porque el Gene¬
